
@phdthesis{chaijirawiwat_monocular_2019,
	address = {Tokyo},
	title = {Monocular {Depth} {Estimation} via {Transfer} {Learning} and {Multi}-{Task} {Learning} with {Semantic} {Segmentation}},
	school = {Tokyo Institute of Technology},
	author = {Chaijirawiwat, Chawit},
	month = jul,
	type = "Bachelor's thesis",
	year = {2019},
}

@book{szeliski_computer_2021,
	edition = {2},
	title = {Computer {Vision}: {Algorithms} and {Applications}},
	url = {https://szeliski.org/Book/},
	author = {Szeliski, Richard},
	month = mar,
	year = {2021},
}

@book{sanz_depth_2012,
	title = {Depth {Estimation} - {An} {Introduction}},
	isbn = {9789535106609},
	url = {https://www.intechopen.com/books/current-advancements-in-stereo-vision/depth-estimation-an-introduction},
	abstract = {Open access peer-reviewed chapter},
	language = {en},
	urldate = {2021-05-26},
	publisher = {IntechOpen},
	author = {Sanz, Pablo Revuelta and Mezcua, Belén Ruiz and Pena, José M. Sánchez},
	month = jul,
	year = {2012},
	doi = {10.5772/45904},
}

@book{hartley_multiple_2003,
	address = {Cambridge, UK ; New York},
	edition = {2nd ed},
	title = {Multiple view geometry in computer vision},
	isbn = {9780521540513},
	publisher = {Cambridge University Press},
	author = {Hartley, Richard and Zisserman, Andrew},
	year = {2003},
	keywords = {Computer vision, Geometry, Projective},
}

@article{fusiello_compact_2000,
	title = {A compact algorithm for rectification of stereo pairs},
	volume = {12},
	issn = {0932-8092, 1432-1769},
	url = {http://link.springer.com/10.1007/s001380050120},
	doi = {10.1007/s001380050120},
	number = {1},
	urldate = {2021-05-26},
	journal = {Machine Vision and Applications},
	author = {Fusiello, Andrea and Trucco, Emanuele and Verri, Alessandro},
	month = jul,
	year = {2000},
	pages = {16--22},
}

@article{zhang_flexible_2000,
	title = {A flexible new technique for camera calibration},
	volume = {22},
	issn = {01628828},
	url = {http://ieeexplore.ieee.org/document/888718/},
	doi = {10.1109/34.888718},
	number = {11},
	urldate = {2021-05-26},
	journal = {IEEE Transactions on Pattern Analysis and Machine Intelligence},
	author = {Zhang, Z.},
	month = nov,
	year = {2000},
	pages = {1330--1334},
}

@misc{noauthor_epipolar_2017,
	title = {Epipolar {Geometry}},
	url = {http://amroamroamro.github.io/mexopencv/opencv/epipolar_geometry_demo.html},
	urldate = {2021-05-26},
	journal = {epipolar\_geometry\_demo.m},
	month = nov,
	year = {2017},
}

@misc{noauthor_cs280:_nodate,
	title = {{CS280}: {Computer} {Vision}},
	url = {https://inst.eecs.berkeley.edu/~cs280/sp15/},
	urldate = {2021-05-26},
}

@misc{noauthor_perspective_nodate,
	title = {The {Perspective} {Camera} - {An} {Interactive} {Tour} ←},
	url = {http://ksimek.github.io/2012/08/13/introduction/},
	urldate = {2021-05-26},
}
