@ARTICLE{lecun,
  author={Lecun, Y. and Bottou, L. and Bengio, Y. and Haffner, P.},
  journal={Proceedings of the IEEE}, 
  title={Gradient-based learning applied to document recognition}, 
  year={1998},
  volume={86},
  number={11},
  pages={2278-2324},
  doi={10.1109/5.726791}}

@article{googlenet,
  author    = {Christian Szegedy and
               Wei Liu and
               Yangqing Jia and
               Pierre Sermanet and
               Scott E. Reed and
               Dragomir Anguelov and
               Dumitru Erhan and
               Vincent Vanhoucke and
               Andrew Rabinovich},
  title     = {Going Deeper with Convolutions},
  journal   = {CoRR},
  volume    = {abs/1409.4842},
  year      = {2014},
  url       = {http://arxiv.org/abs/1409.4842},
  eprinttype = {arXiv},
  eprint    = {1409.4842},
  timestamp = {Mon, 13 Aug 2018 16:48:52 +0200},
  biburl    = {https://dblp.org/rec/journals/corr/SzegedyLJSRAEVR14.bib},
  bibsource = {dblp computer science bibliography, https://dblp.org}
}

@article{mobilenet,
  author    = {Andrew G. Howard and
               Menglong Zhu and
               Bo Chen and
               Dmitry Kalenichenko and
               Weijun Wang and
               Tobias Weyand and
               Marco Andreetto and
               Hartwig Adam},
  title     = {MobileNets: Efficient Convolutional Neural Networks for Mobile Vision
               Applications},
  journal   = {CoRR},
  volume    = {abs/1704.04861},
  year      = {2017},
  url       = {http://arxiv.org/abs/1704.04861},
  eprinttype = {arXiv},
  eprint    = {1704.04861},
  timestamp = {Thu, 27 May 2021 16:20:51 +0200},
  biburl    = {https://dblp.org/rec/journals/corr/HowardZCKWWAA17.bib},
  bibsource = {dblp computer science bibliography, https://dblp.org}
}

@article{ghostnet,
  author    = {Kai Han and
               Yunhe Wang and
               Qi Tian and
               Jianyuan Guo and
               Chunjing Xu and
               Chang Xu},
  title     = {GhostNet: More Features from Cheap Operations},
  journal   = {CoRR},
  volume    = {abs/1911.11907},
  year      = {2019},
  url       = {http://arxiv.org/abs/1911.11907},
  archivePrefix = {arXiv},
  eprint    = {1911.11907},
  timestamp = {Mon, 17 May 2021 08:18:18 +0200},
  biburl    = {https://dblp.org/rec/journals/corr/abs-1911-11907.bib},
  bibsource = {dblp computer science bibliography, https://dblp.org}
}

@INPROCEEDINGS{imagenet,  author={Deng, Jia and Dong, Wei and Socher, Richard and Li, Li-Jia and Kai Li and Li Fei-Fei},  booktitle={2009 IEEE Conference on Computer Vision and Pattern Recognition},   title={ImageNet: A large-scale hierarchical image database},   year={2009},  volume={},  number={},  pages={248-255},  doi={10.1109/CVPR.2009.5206848}}

@article{transformer,
  author    = {Ashish Vaswani and
               Noam Shazeer and
               Niki Parmar and
               Jakob Uszkoreit and
               Llion Jones and
               Aidan N. Gomez and
               Lukasz Kaiser and
               Illia Polosukhin},
  title     = {Attention Is All You Need},
  journal   = {CoRR},
  volume    = {abs/1706.03762},
  year      = {2017},
  url       = {http://arxiv.org/abs/1706.03762},
  eprinttype = {arXiv},
  eprint    = {1706.03762},
  timestamp = {Sat, 23 Jan 2021 01:20:40 +0100},
  biburl    = {https://dblp.org/rec/journals/corr/VaswaniSPUJGKP17.bib},
  bibsource = {dblp computer science bibliography, https://dblp.org}
}

@article{bert,
  author    = {Jacob Devlin and
               Ming{-}Wei Chang and
               Kenton Lee and
               Kristina Toutanova},
  title     = {{BERT:} Pre-training of Deep Bidirectional Transformers for Language
               Understanding},
  journal   = {CoRR},
  volume    = {abs/1810.04805},
  year      = {2018},
  url       = {http://arxiv.org/abs/1810.04805},
  eprinttype = {arXiv},
  eprint    = {1810.04805},
  timestamp = {Tue, 30 Oct 2018 20:39:56 +0100},
  biburl    = {https://dblp.org/rec/journals/corr/abs-1810-04805.bib},
  bibsource = {dblp computer science bibliography, https://dblp.org}
}

@article{gpt-3,
  author    = {Tom B. Brown and
               Benjamin Mann and
               Nick Ryder and
               Melanie Subbiah and
               Jared Kaplan and
               Prafulla Dhariwal and
               Arvind Neelakantan and
               Pranav Shyam and
               Girish Sastry and
               Amanda Askell and
               Sandhini Agarwal and
               Ariel Herbert{-}Voss and
               Gretchen Krueger and
               Tom Henighan and
               Rewon Child and
               Aditya Ramesh and
               Daniel M. Ziegler and
               Jeffrey Wu and
               Clemens Winter and
               Christopher Hesse and
               Mark Chen and
               Eric Sigler and
               Mateusz Litwin and
               Scott Gray and
               Benjamin Chess and
               Jack Clark and
               Christopher Berner and
               Sam McCandlish and
               Alec Radford and
               Ilya Sutskever and
               Dario Amodei},
  title     = {Language Models are Few-Shot Learners},
  journal   = {CoRR},
  volume    = {abs/2005.14165},
  year      = {2020},
  url       = {https://arxiv.org/abs/2005.14165},
  eprinttype = {arXiv},
  eprint    = {2005.14165},
  timestamp = {Wed, 03 Jun 2020 11:36:54 +0200},
  biburl    = {https://dblp.org/rec/journals/corr/abs-2005-14165.bib},
  bibsource = {dblp computer science bibliography, https://dblp.org}
}

@article{vit,
  author    = {Alexey Dosovitskiy and
               Lucas Beyer and
               Alexander Kolesnikov and
               Dirk Weissenborn and
               Xiaohua Zhai and
               Thomas Unterthiner and
               Mostafa Dehghani and
               Matthias Minderer and
               Georg Heigold and
               Sylvain Gelly and
               Jakob Uszkoreit and
               Neil Houlsby},
  title     = {An Image is Worth 16x16 Words: Transformers for Image Recognition
               at Scale},
  journal   = {CoRR},
  volume    = {abs/2010.11929},
  year      = {2020},
  url       = {https://arxiv.org/abs/2010.11929},
  eprinttype = {arXiv},
  eprint    = {2010.11929},
  timestamp = {Fri, 20 Nov 2020 14:04:05 +0100},
  biburl    = {https://dblp.org/rec/journals/corr/abs-2010-11929.bib},
  bibsource = {dblp computer science bibliography, https://dblp.org}
}

@article{swin-transformer,
  author    = {Ze Liu and
               Yutong Lin and
               Yue Cao and
               Han Hu and
               Yixuan Wei and
               Zheng Zhang and
               Stephen Lin and
               Baining Guo},
  title     = {Swin Transformer: Hierarchical Vision Transformer using Shifted Windows},
  journal   = {CoRR},
  volume    = {abs/2103.14030},
  year      = {2021},
  url       = {https://arxiv.org/abs/2103.14030},
  eprinttype = {arXiv},
  eprint    = {2103.14030},
  timestamp = {Thu, 08 Apr 2021 07:53:26 +0200},
  biburl    = {https://dblp.org/rec/journals/corr/abs-2103-14030.bib},
  bibsource = {dblp computer science bibliography, https://dblp.org}
}


@InProceedings{nesterov,
  title = 	 {On the importance of initialization and momentum in deep learning},
  author = 	 {Sutskever, Ilya and Martens, James and Dahl, George and Hinton, Geoffrey},
  booktitle = 	 {Proceedings of the 30th International Conference on Machine Learning},
  pages = 	 {1139--1147},
  year = 	 {2013},
  editor = 	 {Dasgupta, Sanjoy and McAllester, David},
  volume = 	 {28},
  number =       {3},
  series = 	 {Proceedings of Machine Learning Research},
  address = 	 {Atlanta, Georgia, USA},
  month = 	 {17--19 Jun},
  publisher =    {PMLR},
  pdf = 	 {http://proceedings.mlr.press/v28/sutskever13.pdf},
  url = 	 {https://proceedings.mlr.press/v28/sutskever13.html},}
}

@article{adagrad,
  author  = {John Duchi and Elad Hazan and Yoram Singer},
  title   = {Adaptive Subgradient Methods for Online Learning and Stochastic Optimization},
  journal = {Journal of Machine Learning Research},
  year    = {2011},
  volume  = {12},
  number  = {61},
  pages   = {2121-2159},
  url     = {http://jmlr.org/papers/v12/duchi11a.html}
}

@article{rmsprop,
  title={Lecture 6.5-rmsprop: Divide the gradient by a running average of its recent magnitude},
  author={Tieleman, Tijmen and Hinton, Geoffrey and others},
  journal={COURSERA: Neural networks for machine learning},
  volume={4},
  number={2},
  pages={26--31},
  year={2012}
}

@article{adam,
  title={Adam: A Method for Stochastic Optimization},
  author={Diederik P. Kingma and Jimmy Ba},
  journal={CoRR},
  year={2015},
  volume={abs/1412.6980}
}

@article{adamw,
  author    = {Ilya Loshchilov and
               Frank Hutter},
  title     = {Fixing Weight Decay Regularization in Adam},
  journal   = {CoRR},
  volume    = {abs/1711.05101},
  year      = {2017},
  url       = {http://arxiv.org/abs/1711.05101},
  eprinttype = {arXiv},
  eprint    = {1711.05101},
  timestamp = {Mon, 13 Aug 2018 16:48:18 +0200},
  biburl    = {https://dblp.org/rec/journals/corr/abs-1711-05101.bib},
  bibsource = {dblp computer science bibliography, https://dblp.org}
}