@inproceedings{epipolar,
author = {Chotrov, Dimo and Uzunova, Zlatka and Yordanov, Yordan and Maleshkov, Stoyan},
title={Mixed-Reality Spatial Configuration with a ZED Mini Stereoscopic Camera},
booktitle = {FDIBA Conference Proceedings, vol. 2, 2018}, 
volume={2},
year = {2018},
month = {11},
pages = {21-24}
}

@INPROCEEDINGS{ill-posed,
  author={Sinha, P. and Adelson, E.},
  booktitle={1993 (4th) International Conference on Computer Vision}, 
  title={Recovering reflectance and illumination in a world of painted polyhedra}, 
  year={1993},
  volume={},
  number={},
  pages={156-163},
  doi={10.1109/ICCV.1993.378224}}
  
@misc{coursera, title={Convolutional Neural Networks}, url={https://www.coursera.org/learn/convolutional-neural-networks/home/welcome.}, journal={Coursera}} 
  