@misc{pytorch,
      title={PyTorch: An Imperative Style, High-Performance Deep Learning Library}, 
      author={Adam Paszke and Sam Gross and Francisco Massa and Adam Lerer and James Bradbury and Gregory Chanan and Trevor Killeen and Zeming Lin and Natalia Gimelshein and Luca Antiga and Alban Desmaison and Andreas KÃ¶pf and Edward Yang and Zach DeVito and Martin Raison and Alykhan Tejani and Sasank Chilamkurthy and Benoit Steiner and Lu Fang and Junjie Bai and Soumith Chintala},
      year={2019},
      eprint={1912.01703},
      archivePrefix={arXiv},
      primaryClass={cs.LG}
}

@misc{anaconda,
  title={Anaconda Software Distribution},
  url={https://docs.anaconda.com/},
  journal={Anaconda Documentation},
  version={Vers. 2-2.4.0}, 
  publisher={Anaconda Inc.},
  year={2020}
}

@misc{wandb,
title = {Experiment Tracking with Weights and Biases},
year = {2020},
note = {Software available from wandb.com},
url={https://www.wandb.com/},
author = {Biewald, Lukas},
}

@article{pytorch3d,
    author = {Nikhila Ravi and Jeremy Reizenstein and David Novotny and Taylor Gordon
                  and Wan-Yen Lo and Justin Johnson and Georgia Gkioxari},
    title = {Accelerating 3D Deep Learning with PyTorch3D},
    journal = {arXiv:2007.08501},
    year = {2020},
}

@article{lr-test,
  author    = {Leslie N. Smith},
  title     = {No More Pesky Learning Rate Guessing Games},
  journal   = {CoRR},
  volume    = {abs/1506.01186},
  year      = {2015},
  url       = {http://arxiv.org/abs/1506.01186},
  eprinttype = {arXiv},
  eprint    = {1506.01186},
  timestamp = {Mon, 13 Aug 2018 16:47:53 +0200},
  biburl    = {https://dblp.org/rec/journals/corr/Smith15a.bib},
  bibsource = {dblp computer science bibliography, https://dblp.org}
}

@article{superconvergence,
  author    = {Leslie N. Smith and
               Nicholay Topin},
  title     = {Super-Convergence: Very Fast Training of Residual Networks Using Large
               Learning Rates},
  journal   = {CoRR},
  volume    = {abs/1708.07120},
  year      = {2017},
  url       = {http://arxiv.org/abs/1708.07120},
  eprinttype = {arXiv},
  eprint    = {1708.07120},
  timestamp = {Mon, 13 Aug 2018 16:48:13 +0200},
  biburl    = {https://dblp.org/rec/journals/corr/abs-1708-07120.bib},
  bibsource = {dblp computer science bibliography, https://dblp.org}
}

@InProceedings{nyu,
    author="Silberman, Nathan
    and Hoiem, Derek
    and Kohli, Pushmeet
    and Fergus, Rob",
    editor="Fitzgibbon, Andrew
    and Lazebnik, Svetlana
    and Perona, Pietro
    and Sato, Yoichi
    and Schmid, Cordelia",
    title="Indoor Segmentation and Support Inference from RGBD Images",
    booktitle="Computer Vision -- ECCV 2012",
    year="2012",
    publisher="Springer Berlin Heidelberg",
    address="Berlin, Heidelberg",
    pages="746--760",
    isbn="978-3-642-33715-4"
}