@phdthesis{chaijirawiwat_monocular_2019,
	address = {Tokyo},
	title = {Monocular {Depth} {Estimation} via {Transfer} {Learning} and {Multi}-{Task} {Learning} with {Semantic} {Segmentation}},
	school = {Tokyo Institute of Technology},
	author = {Chaijirawiwat, Chawit},
	month = jul,
	type = "Bachelor's thesis",
	year = {2019},
}