@book{depth_estimation_intro,
	title = {Depth {Estimation} - {An} {Introduction}},
	isbn = {9789535106609},
	url = {https://www.intechopen.com/books/current-advancements-in-stereo-vision/depth-estimation-an-introduction},
	abstract = {Open access peer-reviewed chapter},
	language = {en},
	urldate = {2021-05-26},
	publisher = {IntechOpen},
	author = {Sanz, Pablo Revuelta and Mezcua, Belén Ruiz and Pena, José M. Sánchez},
	month = jul,
	year = {2012},
	doi = {10.5772/45904},
}

@article{monocular_survey,
  author    = {Chaoqiang Zhao and
               Qiyu Sun and
               Chongzhen Zhang and
               Yang Tang and
               Feng Qian},
  title     = {Monocular Depth Estimation Based On Deep Learning: An Overview},
  journal   = {CoRR},
  volume    = {abs/2003.06620},
  year      = {2020},
  url       = {https://arxiv.org/abs/2003.06620},
  archivePrefix = {arXiv},
  eprint    = {2003.06620},
  timestamp = {Tue, 17 Mar 2020 14:18:27 +0100},
  biburl    = {https://dblp.org/rec/journals/corr/abs-2003-06620.bib},
  bibsource = {dblp computer science bibliography, https://dblp.org}
}

@article{eigen2014,
  author    = {David Eigen and
               Christian Puhrsch and
               Rob Fergus},
  title     = {Depth Map Prediction from a Single Image using a Multi-Scale Deep
               Network},
  journal   = {CoRR},
  volume    = {abs/1406.2283},
  year      = {2014},
  url       = {http://arxiv.org/abs/1406.2283},
  archivePrefix = {arXiv},
  eprint    = {1406.2283},
  timestamp = {Mon, 13 Aug 2018 16:47:10 +0200},
  biburl    = {https://dblp.org/rec/journals/corr/EigenPF14.bib},
  bibsource = {dblp computer science bibliography, https://dblp.org}
}

@article{eigen2015,
  author    = {David Eigen and
               Rob Fergus},
  title     = {Predicting Depth, Surface Normals and Semantic Labels with a Common
               Multi-Scale Convolutional Architecture},
  journal   = {CoRR},
  volume    = {abs/1411.4734},
  year      = {2014},
  url       = {http://arxiv.org/abs/1411.4734},
  eprinttype = {arXiv},
  eprint    = {1411.4734},
  timestamp = {Mon, 13 Aug 2018 16:47:14 +0200},
  biburl    = {https://dblp.org/rec/journals/corr/EigenF14.bib},
  bibsource = {dblp computer science bibliography, https://dblp.org}
}

@article{related_resnet,
  author    = {Iro Laina and
               Christian Rupprecht and
               Vasileios Belagiannis and
               Federico Tombari and
               Nassir Navab},
  title     = {Deeper Depth Prediction with Fully Convolutional Residual Networks},
  journal   = {CoRR},
  volume    = {abs/1606.00373},
  year      = {2016},
  url       = {http://arxiv.org/abs/1606.00373},
  eprinttype = {arXiv},
  eprint    = {1606.00373},
  timestamp = {Wed, 18 Sep 2019 08:27:19 +0200},
  biburl    = {https://dblp.org/rec/journals/corr/LainaRBTN16.bib},
  bibsource = {dblp computer science bibliography, https://dblp.org}
}

@article{adabins,
  author    = {Shariq Farooq Bhat and
               Ibraheem Alhashim and
               Peter Wonka},
  title     = {AdaBins: Depth Estimation using Adaptive Bins},
  journal   = {CoRR},
  volume    = {abs/2011.14141},
  year      = {2020},
  url       = {https://arxiv.org/abs/2011.14141},
  archivePrefix = {arXiv},
  eprint    = {2011.14141},
  timestamp = {Fri, 09 Apr 2021 18:27:18 +0200},
  biburl    = {https://dblp.org/rec/journals/corr/abs-2011-14141.bib},
  bibsource = {dblp computer science bibliography, https://dblp.org}
}

@article{bichamfer,
  author    = {Haoqiang Fan and
               Hao Su and
               Leonidas J. Guibas},
  title     = {A Point Set Generation Network for 3D Object Reconstruction from a
               Single Image},
  journal   = {CoRR},
  volume    = {abs/1612.00603},
  year      = {2016},
  url       = {http://arxiv.org/abs/1612.00603},
  eprinttype = {arXiv},
  eprint    = {1612.00603},
  timestamp = {Wed, 11 Nov 2020 08:48:07 +0100},
  biburl    = {https://dblp.org/rec/journals/corr/FanSG16.bib},
  bibsource = {dblp computer science bibliography, https://dblp.org}
}

@article{fastdepth,
  author    = {Diana Wofk and
               Fangchang Ma and
               Tien{-}Ju Yang and
               Sertac Karaman and
               Vivienne Sze},
  title     = {FastDepth: Fast Monocular Depth Estimation on Embedded Systems},
  journal   = {CoRR},
  volume    = {abs/1903.03273},
  year      = {2019},
  url       = {http://arxiv.org/abs/1903.03273},
  archivePrefix = {arXiv},
  eprint    = {1903.03273},
  timestamp = {Sun, 31 Mar 2019 19:01:24 +0200},
  biburl    = {https://dblp.org/rec/journals/corr/abs-1903-03273.bib},
  bibsource = {dblp computer science bibliography, https://dblp.org}
}

@article{bts,
  author    = {Jin Han Lee and
               Myung{-}Kyu Han and
               Dong Wook Ko and
               Il Hong Suh},
  title     = {From Big to Small: Multi-Scale Local Planar Guidance for Monocular
               Depth Estimation},
  journal   = {CoRR},
  volume    = {abs/1907.10326},
  year      = {2019},
  url       = {http://arxiv.org/abs/1907.10326},
  archivePrefix = {arXiv},
  eprint    = {1907.10326},
  timestamp = {Thu, 01 Aug 2019 08:59:33 +0200},
  biburl    = {https://dblp.org/rec/journals/corr/abs-1907-10326.bib},
  bibsource = {dblp computer science bibliography, https://dblp.org}
}

@ARTICLE{lapdepth,
  author={Song, Minsoo and Lim, Seokjae and Kim, Wonjun},
  journal={IEEE Transactions on Circuits and Systems for Video Technology}, 
  title={Monocular Depth Estimation Using Laplacian Pyramid-Based Depth Residuals}, 
  year={2021},
  volume={},
  number={},
  pages={1-1},
  doi={10.1109/TCSVT.2021.3049869}}
@article{densedepth,
  author    = {Ibraheem Alhashim and
               Peter Wonka},
  title     = {High Quality Monocular Depth Estimation via Transfer Learning},
  journal   = {CoRR},
  volume    = {abs/1812.11941},
  year      = {2018},
  url       = {http://arxiv.org/abs/1812.11941},
  eprinttype = {arXiv},
  eprint    = {1812.11941},
  timestamp = {Wed, 02 Jan 2019 14:40:18 +0100},
  biburl    = {https://dblp.org/rec/journals/corr/abs-1812-11941.bib},
  bibsource = {dblp computer science bibliography, https://dblp.org}
}

@article{camconv,
  author    = {Jos{\'{e}} M. F{\'{a}}cil and
               Benjamin Ummenhofer and
               Huizhong Zhou and
               Luis Montesano and
               Thomas Brox and
               Javier Civera},
  title     = {CAM-Convs: Camera-Aware Multi-Scale Convolutions for Single-View Depth},
  journal   = {CoRR},
  volume    = {abs/1904.02028},
  year      = {2019},
  url       = {http://arxiv.org/abs/1904.02028},
  eprinttype = {arXiv},
  eprint    = {1904.02028},
  timestamp = {Wed, 24 Apr 2019 12:21:25 +0200},
  biburl    = {https://dblp.org/rec/journals/corr/abs-1904-02028.bib},
  bibsource = {dblp computer science bibliography, https://dblp.org}
}