@article{ensemble_survey,
  author    = {Mudasir A. Ganaie and
               Minghui Hu and
               Mohammad Tanveer and
               Ponnuthurai N. Suganthan},
  title     = {Ensemble deep learning: {A} review},
  journal   = {CoRR},
  volume    = {abs/2104.02395},
  year      = {2021},
  url       = {https://arxiv.org/abs/2104.02395},
  eprinttype = {arXiv},
  eprint    = {2104.02395},
  timestamp = {Mon, 21 Jun 2021 12:14:53 +0200},
  biburl    = {https://dblp.org/rec/journals/corr/abs-2104-02395.bib},
  bibsource = {dblp computer science bibliography, https://dblp.org}
}

@article{ensemble_3mys,
  author    = {Zeyuan Allen{-}Zhu and
               Yuanzhi Li},
  title     = {Towards Understanding Ensemble, Knowledge Distillation and Self-Distillation
               in Deep Learning},
  journal   = {CoRR},
  volume    = {abs/2012.09816},
  year      = {2020},
  url       = {https://arxiv.org/abs/2012.09816},
  eprinttype = {arXiv},
  eprint    = {2012.09816},
  timestamp = {Sun, 03 Jan 2021 18:46:06 +0100},
  biburl    = {https://dblp.org/rec/journals/corr/abs-2012-09816.bib},
  bibsource = {dblp computer science bibliography, https://dblp.org}
}

@article{unweighted_avg,
  title={The relative performance of ensemble methods with deep convolutional neural networks for image classification},
  author={Cheng Ju and Aur{\'e}lien Bibaut and Mark J. van der Laan},
  journal={Journal of Applied Statistics},
  year={2018},
  volume={45},
  pages={2800 - 2818}
}

@article{SG,
title = {Stacked generalization},
journal = {Neural Networks},
volume = {5},
number = {2},
pages = {241-259},
year = {1992},
issn = {0893-6080},
doi = {https://doi.org/10.1016/S0893-6080(05)80023-1},
url = {https://www.sciencedirect.com/science/article/pii/S0893608005800231},
author = {David H. Wolpert}
}