@article{adabins,
  author    = {Shariq Farooq Bhat and
               Ibraheem Alhashim and
               Peter Wonka},
  title     = {AdaBins: Depth Estimation using Adaptive Bins},
  journal   = {CoRR},
  volume    = {abs/2011.14141},
  year      = {2020},
  url       = {https://arxiv.org/abs/2011.14141},
  archivePrefix = {arXiv},
  eprint    = {2011.14141},
  timestamp = {Fri, 09 Apr 2021 18:27:18 +0200},
  biburl    = {https://dblp.org/rec/journals/corr/abs-2011-14141.bib},
  bibsource = {dblp computer science bibliography, https://dblp.org}
}

@article{bts,
  author    = {Jin Han Lee and
               Myung{-}Kyu Han and
               Dong Wook Ko and
               Il Hong Suh},
  title     = {From Big to Small: Multi-Scale Local Planar Guidance for Monocular
               Depth Estimation},
  journal   = {CoRR},
  volume    = {abs/1907.10326},
  year      = {2019},
  url       = {http://arxiv.org/abs/1907.10326},
  archivePrefix = {arXiv},
  eprint    = {1907.10326},
  timestamp = {Thu, 01 Aug 2019 08:59:33 +0200},
  biburl    = {https://dblp.org/rec/journals/corr/abs-1907-10326.bib},
  bibsource = {dblp computer science bibliography, https://dblp.org}
}

@article{ghostnet,
  author    = {Kai Han and
               Yunhe Wang and
               Qi Tian and
               Jianyuan Guo and
               Chunjing Xu and
               Chang Xu},
  title     = {GhostNet: More Features from Cheap Operations},
  journal   = {CoRR},
  volume    = {abs/1911.11907},
  year      = {2019},
  url       = {http://arxiv.org/abs/1911.11907},
  archivePrefix = {arXiv},
  eprint    = {1911.11907},
  timestamp = {Mon, 17 May 2021 08:18:18 +0200},
  biburl    = {https://dblp.org/rec/journals/corr/abs-1911-11907.bib},
  bibsource = {dblp computer science bibliography, https://dblp.org}
}

@article{fastdepth,
  author    = {Diana Wofk and
               Fangchang Ma and
               Tien{-}Ju Yang and
               Sertac Karaman and
               Vivienne Sze},
  title     = {FastDepth: Fast Monocular Depth Estimation on Embedded Systems},
  journal   = {CoRR},
  volume    = {abs/1903.03273},
  year      = {2019},
  url       = {http://arxiv.org/abs/1903.03273},
  archivePrefix = {arXiv},
  eprint    = {1903.03273},
  timestamp = {Sun, 31 Mar 2019 19:01:24 +0200},
  biburl    = {https://dblp.org/rec/journals/corr/abs-1903-03273.bib},
  bibsource = {dblp computer science bibliography, https://dblp.org}
}

@article{super-convergence,
  author    = {Leslie N. Smith and
               Nicholay Topin},
  title     = {Super-Convergence: Very Fast Training of Residual Networks Using Large
               Learning Rates},
  journal   = {CoRR},
  volume    = {abs/1708.07120},
  year      = {2017},
  url       = {http://arxiv.org/abs/1708.07120},
  archivePrefix = {arXiv},
  eprint    = {1708.07120},
  timestamp = {Mon, 13 Aug 2018 16:48:13 +0200},
  biburl    = {https://dblp.org/rec/journals/corr/abs-1708-07120.bib},
  bibsource = {dblp computer science bibliography, https://dblp.org}
}

@article{cyclical-lr,
  author    = {Leslie N. Smith},
  title     = {No More Pesky Learning Rate Guessing Games},
  journal   = {CoRR},
  volume    = {abs/1506.01186},
  year      = {2015},
  url       = {http://arxiv.org/abs/1506.01186},
  archivePrefix = {arXiv},
  eprint    = {1506.01186},
  timestamp = {Mon, 13 Aug 2018 16:47:53 +0200},
  biburl    = {https://dblp.org/rec/journals/corr/Smith15a.bib},
  bibsource = {dblp computer science bibliography, https://dblp.org}
}

@article{adamw,
  author    = {Ilya Loshchilov and
               Frank Hutter},
  title     = {Fixing Weight Decay Regularization in Adam},
  journal   = {CoRR},
  volume    = {abs/1711.05101},
  year      = {2017},
  url       = {http://arxiv.org/abs/1711.05101},
  archivePrefix = {arXiv},
  eprint    = {1711.05101},
  timestamp = {Mon, 13 Aug 2018 16:48:18 +0200},
  biburl    = {https://dblp.org/rec/journals/corr/abs-1711-05101.bib},
  bibsource = {dblp computer science bibliography, https://dblp.org}
}

@article{hyperband,
  author    = {Lisha Li and
               Kevin G. Jamieson and
               Giulia DeSalvo and
               Afshin Rostamizadeh and
               Ameet Talwalkar},
  title     = {Efficient Hyperparameter Optimization and Infinitely Many Armed Bandits},
  journal   = {CoRR},
  volume    = {abs/1603.06560},
  year      = {2016},
  url       = {http://arxiv.org/abs/1603.06560},
  archivePrefix = {arXiv},
  eprint   = {1603.06560},
  timestamp = {Mon, 13 Aug 2018 16:48:11 +0200},
  biburl    = {https://dblp.org/rec/journals/corr/LiJDRT16.bib},
  bibsource = {dblp computer science bibliography, https://dblp.org}
}

@article{eigen,
  author    = {David Eigen and
               Christian Puhrsch and
               Rob Fergus},
  title     = {Depth Map Prediction from a Single Image using a Multi-Scale Deep
               Network},
  journal   = {CoRR},
  volume    = {abs/1406.2283},
  year      = {2014},
  url       = {http://arxiv.org/abs/1406.2283},
  archivePrefix = {arXiv},
  eprint    = {1406.2283},
  timestamp = {Mon, 13 Aug 2018 16:47:10 +0200},
  biburl    = {https://dblp.org/rec/journals/corr/EigenPF14.bib},
  bibsource = {dblp computer science bibliography, https://dblp.org}
}

