@article{adabins,
  author    = {Shariq Farooq Bhat and
               Ibraheem Alhashim and
               Peter Wonka},
  title     = {AdaBins: Depth Estimation using Adaptive Bins},
  journal   = {CoRR},
  volume    = {abs/2011.14141},
  year      = {2020},
  url       = {https://arxiv.org/abs/2011.14141},
  archivePrefix = {arXiv},
  eprint    = {2011.14141},
  timestamp = {Fri, 09 Apr 2021 18:27:18 +0200},
  biburl    = {https://dblp.org/rec/journals/corr/abs-2011-14141.bib},
  bibsource = {dblp computer science bibliography, https://dblp.org}
}

@article{bts,
  author    = {Jin Han Lee and
               Myung{-}Kyu Han and
               Dong Wook Ko and
               Il Hong Suh},
  title     = {From Big to Small: Multi-Scale Local Planar Guidance for Monocular
               Depth Estimation},
  journal   = {CoRR},
  volume    = {abs/1907.10326},
  year      = {2019},
  url       = {http://arxiv.org/abs/1907.10326},
  archivePrefix = {arXiv},
  eprint    = {1907.10326},
  timestamp = {Thu, 01 Aug 2019 08:59:33 +0200},
  biburl    = {https://dblp.org/rec/journals/corr/abs-1907-10326.bib},
  bibsource = {dblp computer science bibliography, https://dblp.org}
}

@ARTICLE{lapdepth,
  author={Song, Minsoo and Lim, Seokjae and Kim, Wonjun},
  journal={IEEE Transactions on Circuits and Systems for Video Technology}, 
  title={Monocular Depth Estimation Using Laplacian Pyramid-Based Depth Residuals}, 
  year={2021},
  volume={},
  number={},
  pages={1-1},
  doi={10.1109/TCSVT.2021.3049869}}

@InProceedings{nyu,
    author="Silberman, Nathan
    and Hoiem, Derek
    and Kohli, Pushmeet
    and Fergus, Rob",
    editor="Fitzgibbon, Andrew
    and Lazebnik, Svetlana
    and Perona, Pietro
    and Sato, Yoichi
    and Schmid, Cordelia",
    title="Indoor Segmentation and Support Inference from RGBD Images",
    booktitle="Computer Vision -- ECCV 2012",
    year="2012",
    publisher="Springer Berlin Heidelberg",
    address="Berlin, Heidelberg",
    pages="746--760",
    isbn="978-3-642-33715-4"
}