@ARTICLE{funie-gan,  author={Islam, Md Jahidul and Xia, Youya and Sattar, Junaed},  journal={IEEE Robotics and Automation Letters},   title={Fast Underwater Image Enhancement for Improved Visual Perception},   year={2020},  volume={5},  number={2},  pages={3227-3234},  doi={10.1109/LRA.2020.2974710}}

@article{pix2pix,
  author    = {Phillip Isola and
               Jun{-}Yan Zhu and
               Tinghui Zhou and
               Alexei A. Efros},
  title     = {Image-to-Image Translation with Conditional Adversarial Networks},
  journal   = {CoRR},
  volume    = {abs/1611.07004},
  year      = {2016},
  url       = {http://arxiv.org/abs/1611.07004},
  eprinttype = {arXiv},
  eprint    = {1611.07004},
  timestamp = {Mon, 13 Aug 2018 16:49:05 +0200},
  biburl    = {https://dblp.org/rec/journals/corr/IsolaZZE16.bib},
  bibsource = {dblp computer science bibliography, https://dblp.org}
}

@article{cyclegan,
  author    = {Jun{-}Yan Zhu and
               Taesung Park and
               Phillip Isola and
               Alexei A. Efros},
  title     = {Unpaired Image-to-Image Translation using Cycle-Consistent Adversarial
               Networks},
  journal   = {CoRR},
  volume    = {abs/1703.10593},
  year      = {2017},
  url       = {http://arxiv.org/abs/1703.10593},
  eprinttype = {arXiv},
  eprint    = {1703.10593},
  timestamp = {Mon, 13 Aug 2018 16:48:06 +0200},
  biburl    = {https://dblp.org/rec/journals/corr/ZhuPIE17.bib},
  bibsource = {dblp computer science bibliography, https://dblp.org}
}

@ARTICLE{uiqm,  author={Panetta, Karen and Gao, Chen and Agaian, Sos},  journal={IEEE Journal of Oceanic Engineering},   title={Human-Visual-System-Inspired Underwater Image Quality Measures},   year={2016},  volume={41},  number={3},  pages={541-551},  doi={10.1109/JOE.2015.2469915}}